@ARTICLE{Liu2014310,
author={Liu, H. and Zhang, S. and Wu, X.},
title={{MLSLR: Multilabel Learning via Sparse Logistic Regression}},
journal={Information Sciences},
year={2014},
volume={281},
pages={310-320}
}

@ARTICLE{Wu2015430,
author={Wu, Q. and Ye, Y. and Zhang, H. and Chow, T.W.S. and Ho, S.-S.},
title={{ML-TREE: A tree-structure-based approach to multilabel learning}},
journal={IEEE Transactions on Neural Networks and Learning Systems},
year={2015},
volume={26},
number={3},
pages={430-443}
}

@ARTICLE{He2011,
author={He, J. and Gu, H. and Wang, Z.},
title={Multi-instance multi-label learning based on Gaussian process with application to visual mobile robot navigation},
journal={Information Sciences},
year={2011},
volume={190},
pages={162-177}
}

@ARTICLE{Zhao2015160,
author={Zhao, Y.-P. and Wang, K.-K. and Li, F.},
title={A pruning method of refining recursive reduced least squares support vector regression},
journal={Information Sciences},
year={2015},
volume={296},
number={1},
pages={160-174}
}

@ARTICLE{Charte20141842,
author={Charte, F. and Rivera, A.J. and Del Jesus, M.J. and Herrera, F.},
title={{LI-MLC: A label inference methodology for addressing high dimensionality in the label space for multilabel classification}},
journal={IEEE Transactions on Neural Networks and Learning Systems},
year={2014},
volume={25},
number={10},
pages={1842-1854}
}

@ARTICLE{Li2016827,
author={Li, H. and Li, D. and Zhai, Y. and Wang, S. and Zhang, J.},
title={A novel attribute reduction approach for multi-label data based on rough set theory},
journal={Information Sciences},
year={2016},
volume={367-368},
pages={827-847}
}



@ARTICLE{Ding20152521,
author={Ding, Y. and Cheng, L. and Pedrycz, W. and Hao, K.},
title={Global Nonlinear Kernel Prediction for Large Data Set With a Particle Swarm-Optimized Interval Support Vector Regression},
journal={IEEE Transactions on Neural Networks and Learning Systems},
year={2015},
volume={26},
number={10},
pages={2521-2534}
}

@ARTICLE{Lee201580,
author={Lee, J. and Kim, D.-W.},
title={Memetic feature selection algorithm for multi-label classification},
journal={Information Sciences},
year={2015},
volume={293},
pages={80-96}
}


@ARTICLE{Read20141720,
author={Read, J. and Bielza, C. and Larranaga, P.},
title={Multi-dimensional classification with super-classes},
journal={IEEE Transactions on Knowledge and Data Engineering},
year={2014},
volume={26},
number={7},
pages={1720-1733}
}

@ARTICLE{Lo20141679,
author={Lo, H.-Y. and Lin, S.-D. and Wang, H.-M.},
title={Generalized k-labelsets ensemble for multi-label and cost-sensitive classification},
journal={IEEE Transactions on Knowledge and Data Engineering},
year={2014},
volume={26},
number={7},
pages={1679-1691}
}

@ARTICLE{Zhang20141819,
author={Zhang, M.-L. and Zhou, Z.-H.},
title={A review on multi-label learning algorithms},
journal={IEEE Transactions on Knowledge and Data Engineering},
year={2014},
volume={26},
number={8},
pages={1819-1837}
}

@ARTICLE{Zhang2012,
author={W. Zhang and X. Liu and D. Shi},
title={Multi-output LS-SVR machine in extended feature space},
journal={ Proceedings of the 2012 IEEE International Conference on Computational Intelligence for Measurement Systems and Applications},
year={2012},
publisher={IEEE Press},
location={Tianjin},
pages={130--134}
}

@ARTICLE{Bi20152907,
author={Bi, W. and Kwok, J.T.},
title={Bayes-Optimal Hierarchical Multilabel Classification},
journal={IEEE Transactions on Knowledge and Data Engineering},
year={2015},
volume={27},
number={11},
pages={2907-2918}
}


@ARTICLE{Qian2015594,
author={Qian, B. and Wang, X. and Ye, J. and Davidson, I.},
title={A reconstruction error based framework for multi-label and multi-view learning},
journal={IEEE Transactions on Knowledge and Data Engineering},
year={2015},
volume={27},
number={3},
pages={594-607}
}

@ARTICLE{2016-INS-LAIM,
AUTHOR = {A. Cano and J.M. Luna and E.L. Gibaja and S. Ventura},
TITLE = {{LAIM discretization for multi-label data}},
JOURNAL = {Information Sciences},
VOLUME = {330},
pages = {370-384},
YEAR = {2016}
}

@ARTICLE{Garcia20102044,
	author = "S. Garc{\'i}a and A. Fern{\'a}ndez and J. Luengo and F. Herrera",
	title = {{Advanced nonparametric tests for multiple comparisons in the design of experiments in computational intelligence and data mining: Experimental analysis of power}},
	journal = "Information Sciences",
	year = "2010",
	volume = "180",
	number = "10",
	pages = "2044--2064"
}

@ARTICLE{Garcia2008,
	author = "S. Garc{\'i}a and F. Herrera",
	title = {An Extension on “Statistical Comparisons of Classifiers over Multiple Data Sets” for all Pairwise Comparisons},
	journal = "Journal of Machine Learning Research",
	year = "2008",
	volume = "9",
	pages = "2677--2694"
}

@ARTICLE{Garcia2009,
	author = "S. Garc{\'i}a and D. Molina and M. Lozano and F. Herrera",
	title = {{A study on the use of non-parametric tests for analyzing the evolutionary algorithms' behaviour - a case study on the CEC2005 Special Session on Real Parameter Optimization}},
	journal = "Heuristics",
	year = "2008",
	volume = "15",
	pages = "617--644"
}

@ARTICLE{Borchani2015,
	author = "H. Borchani and G. Varando and C. Bielza and P. Larra{\~n}aga",
	title = {{A survey on multi-output regression}},
	journal = "WIREs Data Mining Knowledge Discovery",
	year = "2015",
	volume = "5",
	number = "5",
	pages = "216--233"
}

@ARTICLE{Aho2012,
	author = "T. Aho and B. Zenko and S. Dzeroski and T. Elomaa",
	title = {{Multi-Target Regression with Rule Ensembles}},
	journal = "Journal of Machine Learning Research",
	year = "2012",
	volume = "13",
	number = "",
	pages = "2267--2407"
}

@ARTICLE{Hadavandi2015,
	author = "E. Hadavandi and K. Shahrabi and Y. Hayashi",
	title = {{SPMoE: a novel subspace-projected mixture of experts model for multi-target regression problems}},
	journal = "Soft Computing",
	year = "2016",
	volume = "20",
	number = "5",
	pages = "2047-2065"	
}

@ARTICLE{Kocev2015,
	author = "D. Kocev and M. Ceci",
	title = {{Ensembles of Extremely Randomized Trees for Multi-target Regression}},
	journal = "Lecture Notes in Computer Science 9356",
	year = "2015",
	pages = "86--100"
}

@ARTICLE{Kocev2007,
	author = "D. Kocev and C. Vens and J. Struyf and S. Dzeroski",
	title = {{Ensembles of Multi-Objective Decision Trees}},
	journal = "Springer, Heidelberg",
	year = "2007",
	pages = "86--100"
}

@ARTICLE{Kocev2010,
	author = "D. Kocev and S. Dzeroski and M. White and G.R. Newell and P. Griffioen",
	title = {Using single- and multi-target regression trees and ensembles to model a compound index of vegetation condition},
	journal = "Ecological Modelling",
	volume = "20",
	issue = "8",
	year = "2009",
	pages = "1159–-1168"
}

@ARTICLE{Hadavandi2015-2,
	author = "E. Hadavandi and J. Shahrabi and S. Shamishirband",
	title = {{A novel Boosted-neural network ensemble for modeling multi-target regression problems}},
	journal = "Engineering Applications of Artificial Intelligence",
	year = "2015",
	volume = "45",
	pages = "204--219"
}

@ARTICLE{Spyromitros2014,
	author = "E. Spyromitros-Xioufis and G. Tsoumakas and W. Groves and I. Vlahavas",
	title = {{Multi-Label Classification Methods for Multi-Target Regression}},
	journal = "Cornell University Library",
	year = "2014"
}

@ARTICLE{Xiong2014,
	author = "T. Xiong and Y. Bao and Z. Hu",
	title = {{Multiple-output support vector regression with a firefly algorithm for interval-valued stock price index forecasting}},
	journal = "Knowledge-Based Systems",
	year = "2014",
	volume = "55",
	pages = "87--100"
}

@MISC{Lichman:2013,
author = "M. Lichman",
year = "2013",
title = "{UCI} Machine Learning Repository",
url = "http://archive.ics.uci.edu/ml",
institution = "University of California, Irvine, School of Information and Computer Sciences" }

@MISC{acano2016,
author = "A. Cano",
year = "2016",
title = "Multi-Target Regression - Support Vector Regression Correlation Chain",
url = "http://people.vcu.edu/~acano/MTR-SVRCC",
institution = "Virginia Commonwealth University, School of Computer Sciences" }

@ARTICLE{mulan,
  author       = "G. Tsoumakas and E. Spyromitros-Xioufis and J. Vilcek and I. Vlahavas",
  title        = "Mulan: A Java Library for Multi-Label Learning",
  journal      = "Journal of Machine Learning Research",
  volume       = "12",
  year         = "2011",
  pages        = "2411--2414",
}

@ELECTRONIC{Polymer,
 authors   = "Lyle H. Ungar",
 title     = "UPenn Repository Of Chemometrics Databases and Methods",
 url       = "ftp://ftp.cis.upenn.edu/pub/ungar/chemdata/"
}

@BOOK{Vapnik1995,
  author        = "C. Cortes and V. Vapnik",
  title         = "The Nature of Statistical Learning Theory",
  publisher     = "Springer",
  address       = "New York",
  year          = "1995"
}

@ARTICLE{CC01a,
 author = {Chang, Chih-Chung and Lin, Chih-Jen},
 title = {{LIBSVM}: A library for support vector machines},
 journal = {ACM Transactions on Intelligent Systems and Technology},
 volume = {2},
 issue = {3},
 year = {2011},
 pages = {27:1--27:27},
 note =	 {Software available at \url{http://www.csie.ntu.edu.tw/~cjlin/libsvm}}
}

@ARTICLE{Dunn1961,
 author = {O.J. Dunn},
 title = {Multiple comparisons among means},
 journal = {J. Amer. Stat. Assoc.},
 volume = {56},
 issue = {293},
 year = {Mar. 1961},
 pages = {52--64}
}

@ARTICLE{Wilcoxon1945,
 author = {F. Wilcoxon},
 title = {Individual comparisons by ranking methods},
 journal = {Biometr. Bull.},
 volume = {1},
 issue = {6},
 year = {Dec. 1945},
 pages = {80--83}
}

@ARTICLE{msvr,
 author = {F. P{\'e}rez and G. Camps and E. Soria and J.J. P{\'e}rez and A.R. Figueiras and A. Art\'es},
 title = {Multi-dimensional function approximation and regression estimation},
 journal = {Artificial Neural Networks},
 publisher = {Springer, Berlin},
 address       = "Heidelberg",
  year          = "2002",
 pages = {757--762}
}

@BOOK{weka,
  author 		= {I.H Witten and E. Frank and M.A. Hall},
  title         	= {Data Mining: Practical Machine Learning Tools and Techniques},
  edition		= "3rd Edition",
  publisher     	= "Morgan Kaufmann",
  year         	= "2011"
}

@ARTICLE{Breiman1996,
 author = {L. Breiman},
 title = {Bagging Predictors},
 journal = {Machine Learning},
 volume = {24},
 issue = {2},
 year          = "1996",
 pages = {123--140}
}

@ARTICLE{Kocev2013,
	author = "D. Kocev and C. Vens and J. Struyf and S. Dzeroski",
	title = {Tree ensembles for predicting structured outputs},
	journal = "Pattern Recognition",
	volume = "43",
	issue = "3",
	pages = "817-833",
	year = "2013"
}

@ARTICLE{Tsoumakas2014,
  author       = "G. Tsoumakas and E. Spyromitros-Xioufis and A. Vrekou and I. Vlahavas",
  title        = "Multi-target Regression via Random Linear Target Combinations",
  journal      = "Machine Learning and Knowledge Discovery in Databases",
  volume       = "8726",
  year         = "2014",
  pages        = "225--240",
}

@BOOK{Kecman,
  author 		= {V. Kecman},
  title         	= {Learning and Soft Computing: Support Vector Machines, Neural Networks, and Fuzzy Logic Models},
  publisher     	= "MIT Press",
  year         	= "2001"
}

@ARTICLE{Appice2014,
  author       = "A. Appice and S. Dzeroski",
  title        = "Stepwise Induction of Multi-target Model Trees",
  journal      = "European Conference of Machine Learning",
  volume       = "Lecture Notes on Artificial Intelligence 4701",
  year         = "2007",
  pages        = "502-509",
}

@ARTICLE{Derrac2011,
	author = "J. Derrac and S. Garc{\'i}a and D. Molina and F. Herrera",
	title = {A practical tutorial on the use of nonparametric statistical tests as a methodology for comparing evolutionary and swarm intelligence algorithms},
	journal = "Swarm and Evolutionary Computation",
	year = "2011",
	volume = "1",
	number = "1",
	pages = "3--18"
}

@ARTICLE{Jeong2009,
	author = "M. Jeong and G.G. Lee",
	title = {Multi-domain spoken language understanding with transfer learning},
	journal = "Speech Communication",
	year = "2009",
	volume = "51",
	number = "5",
	pages = "412-424"
}

@ARTICLE{Lui2010,
	author = "Q. Liu and Q. Xu and V.W. Zheng and H. Xue and Z. Cao and Q. Yang",
	title = {Multi-task learning for cross-platform siRNA efficacy prediction: an in-silico study},
	journal = "BMC Bioinformatics",
	year = "2010",
	volume = "11",
	number = "1",
	pages = "181-196"
}

@ARTICLE{Baxter1997,
	author = "J. Baxter",
	title = {A Bayesian/information theoretic model of learning to learn via multiple task sampling},
	journal = "Machine Learning",
	year = "1997",
	volume = "28",
	number = "1",
	pages = "7--39"
}

@ARTICLE{Caruana1997,
	author = "R. Caruana",
	title = {Multitask learning},
	journal = "Machine Learning",
	year = "1997",
	volume = "28",
	number = "1",
	pages = "41--75"
}

@ARTICLE{BenDavic2003,
	author = "S. Ben-David and R. Schuller",
	title = {Exploiting task relatedness for multiple task learning},
	journal = "In: Proceedings of the Sixteenth Annual Conference on Learning Theory",
	year = "2003",
	location = "Springer Verlag, Washington, DC",
	pages = "567–-580"
}

@ARTICLE{Evgeniou2005,
	author = "T. Evgeniou and C.A. Micchelli and M. Pontil",
	title = {Learning Multiple Tasks With Kernel Methods},
	journal = "Journal of Machine Learning Research",
	year = "2005",
	volume = "6",
	pages = "615-637"
}

@ARTICLE{Xu2013,
	author = "S. Xu and X. An and X. Qiao and L. Zhu and L. Li",
	title = {Multi-output least-squares support vector regression machines},
	journal = "Pattern Recognition",
	year = "2013",
	volume = "34",
	number = "9",
	pages = "1078-1084"
}

@ARTICLE{Drucker1997,
	author = "H. Drucker and C.J.C. Burges and L. Kaufman and A. Smola and V. Vapnik",
	title = {Support vector regression machines},
	journal = "In: Proceedings of the Advances in Neural Information Processing Systems",
	year = "1997",
	number = "9",
	pages = "155–-161"
}

@ARTICLE{Friedman2010,
	author = "J. Friedman and T. Hastie and R. Tibshirani",
	title = {Regularization paths for generalized linear models via coordinate descent},
	journal = "Journal of Statistical Software",
	year = "2010",
	volume = "33",
	number = "1",
	pages = "1--22"
}

@ARTICLE{Xioufis2016,
	author = "E. Spyromitros-Xioufis and G. Tsoumakas and W. Groves and I. Vlahavas",
	title = {Multi-Target Regression via Input Space Expansion: Treating Targets as Inputs},
	journal = "Machine Learning",
	year = "2016",
	volume = "104",
	number = "1",
	pages = "55-98"
}

@BOOK{Boyd,
  author 		= {S. Boyd and L. Vandenberghe},
  title         	= {Convex Optimization},
  publisher     	= "Cambridge University Press",
  year         	= "2004"
}

@ARTICLE{Hatzikos2008,
	author = "E.V.  Hatzikos and G. Tsoumakas and G. Tzanis and N. Bassiliades and I. Vlahavas",
	title = {An empirical study on sea water quality prediction},
	journal = "Knowledge-Based Systems",
	year = "2008",
	volume = "21",
	number = "6",
	pages = "471--478"
}

@ARTICLE{Tsanas2012,
	author = "A. Tsanas and A. Xifara",
	title = {Accurate quantitative estimation of energy performance of residential buildings using statistical machine learning tools},
	journal = "Energy and Buildings",
	year = "2012",
	volume = "49",
	pages = "560–-567"
}

@BOOK{Goo1997,
	author = {P. Goovaerts},
	title = {Geostatistics for natural resources evaluation},
	publisher  = "Oxford University Press",
	year = "1997"
}

@MISC{Kaggle2012,
author = {Kaggle},
year = {2012},
title = {Online Product Sales},
url = {https://www.kaggle.com/c/online-sales},
institution = "Kaggle" }

@MISC{Kaggle2013,
author = {Kaggle},
year = {2013},
title = {See Click Predict Fix},
url = {https://www.kaggle.com/c/see-click-predict-fix},
institution = "Kaggle" }

@ARTICLE{Yeh2007,
	author = "I.C. Yeh",
	title = {Modeling slump flow of concrete using second-order regressions and artificial neural networks},
	journal = "Cement and Concrete Composites",
	year = "2007",
	volume = "29",
	number = "6",
	pages = "474--480"
}

@ARTICLE{Melki2016,
	author = "G. Melki and V. Kecman",
	title = {Speeding Up Online Training of L1 Support Vector Machines},
	journal = "IEEE SoutheastConf",
	year = "2016",
	location = {Norfolk, VA}
}

@ARTICLE{Zhu2017292,
author={Zhu, F. and Yang, J. and Gao, J. and Xu, C. and Xu, S. and Gao, C.},
title={Finding the samples near the decision plane for support vector learning},
journal={Information Sciences},
year={2017},
volume={382-383},
pages={292-307}
}

@ARTICLE{Chen20152502,
author={Chen, J. and Pedrycz, W. and Ha, M. and Ma, L.},
title={Set-valued samples based support vector regression and its applications},
journal={Expert Systems with Applications},
year={2015},
volume={42},
number={5},
pages={2502-2509}
}